<record><leader>00000cas a22000007a 4500</leader><controlfield tag="001">20230280</controlfield><controlfield tag="008">890822d19361950moucr ne      0    0eng d</controlfield><datafield ind1=" " ind2=" " tag="010"><subfield code="a">sn 89066960 </subfield></datafield><datafield ind1=" " ind2=" " tag="040"><subfield code="a">MQN</subfield><subfield code="b">eng</subfield><subfield code="c">MQN</subfield><subfield code="d">OCLCQ</subfield></datafield><datafield ind1=" " ind2=" " tag="042"><subfield code="a">msc</subfield></datafield><datafield ind1="0" ind2="4" tag="245"><subfield code="a">The Jefferson County press.</subfield></datafield><datafield ind1=" " ind2=" " tag="260"><subfield code="a">Crystal City, Mo. :</subfield><subfield code="b">Joseph N. Freudenberger,</subfield><subfield code="c">1936-1950.</subfield></datafield><datafield ind1=" " ind2=" " tag="300"><subfield code="a">v.</subfield></datafield><datafield ind1=" " ind2=" " tag="310"><subfield code="a">Semiweekly</subfield></datafield><datafield ind1="0" ind2=" " tag="362"><subfield code="a">Vol. 21, no. 5 (June 9, 1936)-v. 39, no. 20 (Sept. 28, 1950).</subfield></datafield><datafield ind1=" " ind2=" " tag="500"><subfield code="a">"Twice-a-week" appears above title, June 9-12, 1936.</subfield></datafield><datafield ind1=" " ind2=" " tag="515"><subfield code="a">Continues numbering of: Crystal City press.</subfield></datafield><datafield ind1=" " ind2=" " tag="752"><subfield code="a">United States</subfield><subfield code="b">Missouri</subfield><subfield code="c">Jefferson</subfield><subfield code="d">Crystal City.</subfield></datafield><datafield ind1="0" ind2="4" tag="780"><subfield code="t">Crystal City press</subfield><subfield code="w">(DLC)sn 89066957</subfield></datafield><datafield ind1="0" ind2="4" tag="780"><subfield code="t">Festus press</subfield><subfield code="w">(DLC)sn 89066958</subfield></datafield><datafield ind1="0" ind2="7" tag="785"><subfield code="t">Herculaneum times</subfield></datafield><datafield ind1="0" ind2="7" tag="785"><subfield code="t">Jefferson County press-times (Crystal City, Mo. : 1950)</subfield><subfield code="w">(DLC)sn 89066959</subfield></datafield></record>